@misc{obi-info,
	organization = {{Olimpíada Brasileira de Informática}},
	title = {Sobre a OBI},
	url = {https://olimpiada.ic.unicamp.br/info/},
	urlaccessdate = {05 mai 2022}
}

@misc{obi-ementa,
	organization = {{Olimpíada Brasileira de Informática}},
	title = {Ementa},
	url = {https://olimpiada.ic.unicamp.br/info/ementa/},
	urlaccessdate = {05 mai 2022}
}

@article{ioi-syllabus,
  author = {Michal Fori{\v{s}}ek and others},
  title = {The International Olympiad in Informatics Syllabus},
  year = {2020}
}

@incollection{usaco-ioi,
  author = {Rob Kolstad and Don Piele},
  title = {{USA} Computing Olympiad {(USACO)}},
  booktitle = {Olympiads in Informatics},
  edition = {1},
  year = {2007},
  pages = {105-111}
}

@incollection{cses-ioi,
  author = {Antti Laaksonen},
  title = {{CSES} – yet another online judge},
  booktitle = {Olympiads in Informatics},
  edition = {14},
  year = {2020},
  pages = {105-111}
}

@incollection{cms-ioi,
  author = {Stefano Maggiolo and Giovanni Mascellani},
  title = {Introducing {CMS}: A Contest Management System},
  booktitle = {Olympiads in Informatics},
  edition = {6},
  year = {2012},
  pages = {86-99}
}

@incollection{isolate-ioi,
  author = {Martin Mare{\v{s}} and Bernard Blackham},
  title = {A New Contest Sandbox},
  booktitle = {Olympiads in Informatics},
  edition = {6},
  year = {2012},
  pages = {100-109}
}

@misc{drew-flask,
  author = {Drew DeVault},
  title = {Why I chose Flask to build sr.ht's mini-services},
  year = {2019},
  url = {https://drewdevault.com/2019/01/30/Why-I-built-sr.ht-with-Flask.html},
  urlaccessdate = {11 maio 2022}
}
